@misc{benchmark_chapter,
  author       = {Barral, Patricia and
                  Girfoglio, Michele and
                  Lengomin, Alejandro and
                  Quintela, Peregrina and
                  Shah, Nirav},
  title        = {{Coupled parameterized reduced order modelling of thermo-mechanical phenomena arising in blast furnace}},
  month        = jun,
  year         = 2020,
  note         = {Project Deliverable (D5.2), Version 2.0},
  publisher    = {Zenodo},
  version      = {2.0},
  doi          = {10.5281/zenodo.3888145},
  url          = {https://doi.org/10.5281/zenodo.3888145}
}

@article{software_handover_paper,
   title={Sustainable Research Software Hand-Over},
   volume={9},
   ISSN={2049-9647},
   url={http://dx.doi.org/10.5334/jors.307},
   DOI={10.5334/jors.307},
   journal={Journal of Open Research Software},
   publisher={Ubiquity Press, Ltd.},
   author={Fehr, J. and Himpe, C. and Rave, S. and Saak, J.},
   year={2021}
}

@article{fenics1,
  title = {The FEniCS Project Version 1.5},
  author = {Martin S. Aln{\ae}s and Jan Blechta and Johan Hake and August Johansson and Benjamin Kehlet and Anders Logg and Chris Richardson and Johannes Ring and Marie E. Rognes and Garth N. Wells},
  year = {2015},
  journal = {Archive of Numerical Software},
  volume = {3},
  number = {100},
  doi = {10.11588/ans.2015.100.20553},
  page = {9-23},
}

@book{fenics2,
  title = {Automated Solution of Differential Equations by the Finite Element Method},
  author = {Anders Logg and Kent-Andre Mardal and Garth N. Wells and others},
  year = {2012},
  publisher = {Springer},
  doi = {10.1007/978-3-642-23099-8},
  isbn = {978-3-642-23098-1},
}

@inbook{dolfin1,
  title = {DOLFIN: a C++/Python Finite Element Library},
  author = {Anders Logg and Garth N. Wells and Johan Hake},
  editor = {Anders Logg and Kent-Andre Mardal and Garth N. Wells},
  year = {2012},
  booktitle = {Automated Solution of Differential Equations by the Finite Element Method, Volume 84 of Lecture Notes in Computational Science and Engineering},
  publisher = {Springer},
  chapter = {10},
}

@article{dolfin2,
  title = {DOLFIN: Automated Finite Element Computing},
  author = {Anders Logg and Garth N. Wells},
  year = {2010},
  journal = {ACM Transactions on Mathematical Software},
  volume = {37},
  number = {2},
  doi = {10.1145/1731022.1731030},
  arxiv = {1103.6248},
}

@book{crbm,
  author    = {Hesthaven, Jan S. and Rozza, Gianluigi and Stamm, Benjamin},
  title     = {Certified Reduced Basis Methods for Parametrized Partial Differential Equations},
  publisher = {Springer International Publishing},
  year      = {2015},
  series    = {SpringerBriefs in Mathematics},
  isbn      = {978-3-319-22469-5}
}

@Article{matplotlib,
  Author    = {Hunter, J. D.},
  Title     = {Matplotlib: A 2D graphics environment},
  Journal   = {Computing in Science \& Engineering},
  Volume    = {9},
  Number    = {3},
  Pages     = {90--95},
  abstract  = {Matplotlib is a 2D graphics package used for Python for
  application development, interactive scripting, and publication-quality
  image generation across user interfaces and operating systems.},
  publisher = {IEEE COMPUTER SOC},
  doi       = {10.1109/MCSE.2007.55},
  year      = 2007
}

@Article{numpy,
 title         = {Array programming with {NumPy}},
 author        = {Charles R. Harris and K. Jarrod Millman and St{\'{e}}fan J.
                 van der Walt and Ralf Gommers and Pauli Virtanen and David
                 Cournapeau and Eric Wieser and Julian Taylor and Sebastian
                 Berg and Nathaniel J. Smith and Robert Kern and Matti Picus
                 and Stephan Hoyer and Marten H. van Kerkwijk and Matthew
                 Brett and Allan Haldane and Jaime Fern{\'{a}}ndez del
                 R{\'{i}}o and Mark Wiebe and Pearu Peterson and Pierre
                 G{\'{e}}rard-Marchant and Kevin Sheppard and Tyler Reddy and
                 Warren Weckesser and Hameer Abbasi and Christoph Gohlke and
                 Travis E. Oliphant},
 year          = {2020},
 month         = sep,
 journal       = {Nature},
 volume        = {585},
 number        = {7825},
 pages         = {357--362},
 doi           = {10.1038/s41586-020-2649-2},
 publisher     = {Springer Science and Business Media {LLC}},
 url           = {https://doi.org/10.1038/s41586-020-2649-2}
}